<record><leader>00000cas a2200000 a 4500</leader><controlfield tag="001">8805005</controlfield><controlfield tag="008">820924d18301831fluwr ne      0    0eng  </controlfield><datafield ind1=" " ind2=" " tag="010"><subfield code="a">sn 82018189 </subfield></datafield><datafield ind1=" " ind2=" " tag="040"><subfield code="a">DLC</subfield><subfield code="b">eng</subfield><subfield code="c">DLC</subfield><subfield code="d">FUG</subfield><subfield code="d">DLC</subfield><subfield code="d">OCL</subfield><subfield code="d">OCLCO</subfield><subfield code="d">OCLCQ</subfield><subfield code="d">OCLCF</subfield></datafield><datafield ind1=" " ind2=" " tag="012"><subfield code="i">9506</subfield></datafield><datafield ind1="1" ind2=" " tag="029"><subfield code="a">AU@</subfield><subfield code="b">000025785270</subfield></datafield><datafield ind1=" " ind2=" " tag="042"><subfield code="a">pcc</subfield></datafield><datafield ind1=" " ind2=" " tag="043"><subfield code="a">n-us-fl</subfield></datafield><datafield ind1="0" ind2="0" tag="050"><subfield code="a">Newspaper 7448-X</subfield></datafield><datafield ind1="0" ind2=" " tag="130"><subfield code="a">Florida courier (Tallahassee, Fla.)</subfield></datafield><datafield ind1="1" ind2="0" tag="245"><subfield code="a">Florida courier.</subfield></datafield><datafield ind1=" " ind2=" " tag="260"><subfield code="a">Tallahassee [Fla.] :</subfield><subfield code="b">Gibson &amp; Smith</subfield></datafield><datafield ind1=" " ind2=" " tag="300"><subfield code="a">v. :</subfield><subfield code="b">ill. (chiefly advertisements) ;</subfield><subfield code="c">54 cm.</subfield></datafield><datafield ind1=" " ind2=" " tag="310"><subfield code="a">Weekly</subfield></datafield><datafield ind1="1" ind2=" " tag="362"><subfield code="a">Began in Dec. 1830; ceased in Oct. 1831?</subfield><subfield code="z">Cf. Gregory, W. Amer. newspapers, 1937.</subfield></datafield><datafield ind1=" " ind2=" " tag="588"><subfield code="a">Description based on: Vol. 1, no. 19 (Apr. 21, 1831).</subfield></datafield><datafield ind1=" " ind2="0" tag="651"><subfield code="a">Tallahassee (Fla.)</subfield><subfield code="v">Newspapers.</subfield></datafield><datafield ind1=" " ind2="0" tag="651"><subfield code="a">Leon County (Fla.)</subfield><subfield code="v">Newspapers.</subfield></datafield><datafield ind1=" " ind2="7" tag="655"><subfield code="a">Newspapers.</subfield><subfield code="2">fast</subfield><subfield code="0">(OCoLC)fst01423814</subfield></datafield><datafield ind1=" " ind2="7" tag="651"><subfield code="a">Florida</subfield><subfield code="z">Leon County.</subfield><subfield code="2">fast</subfield><subfield code="0">(OCoLC)fst01206533</subfield></datafield><datafield ind1=" " ind2="7" tag="651"><subfield code="a">Florida</subfield><subfield code="z">Tallahassee.</subfield><subfield code="2">fast</subfield><subfield code="0">(OCoLC)fst01206534</subfield></datafield><datafield ind1=" " ind2=" " tag="752"><subfield code="a">United States</subfield><subfield code="b">Florida</subfield><subfield code="c">Leon</subfield><subfield code="d">Tallahassee.</subfield></datafield><datafield ind1=" " ind2=" " tag="850"><subfield code="a">FU</subfield></datafield></record>